<record><leader>00000cas a22000007a 4500</leader><controlfield tag="001">24279691</controlfield><controlfield tag="008">910823d19uu19uuohuuu ne      0    0eng d</controlfield><datafield ind1=" " ind2=" " tag="010"><subfield code="a">sn 91069780 </subfield></datafield><datafield ind1=" " ind2=" " tag="040"><subfield code="a">ONP</subfield><subfield code="b">eng</subfield><subfield code="c">ONP</subfield><subfield code="d">OCLCQ</subfield></datafield><datafield ind1=" " ind2=" " tag="042"><subfield code="a">msc</subfield></datafield><datafield ind1="0" ind2="0" tag="245"><subfield code="a">Sabina tribune.</subfield></datafield><datafield ind1=" " ind2=" " tag="260"><subfield code="a">Sabina, Ohio :</subfield><subfield code="b">[s.n.]</subfield></datafield><datafield ind1=" " ind2=" " tag="300"><subfield code="a">v.</subfield></datafield><datafield ind1=" " ind2=" " tag="588"><subfield code="a">Description based on: Vol. 24, no. 17 (Aug. 1, 1917).</subfield></datafield><datafield ind1=" " ind2=" " tag="752"><subfield code="a">United States</subfield><subfield code="b">Ohio</subfield><subfield code="c">Clinton</subfield><subfield code="d">Sabina.</subfield></datafield></record>